<mx:record xmlns:v="http://viaf.org/viaf/terms#" xmlns:srw="http://www.loc.gov/zing/srw/" xmlns:mx="http://www.loc.gov/MARC21/slim"><mx:leader>00000nz##a22.....n..4500</mx:leader><mx:controlfield tag="001">viaf78005810</mx:controlfield><mx:controlfield tag="003">OCoLC</mx:controlfield><mx:controlfield tag="008">101116n||azznnabbn##########|a#aaa####|#</mx:controlfield><mx:datafield ind2=" " ind1="7" tag="024"><mx:subfield code="a">http://viaf.org/viaf/78005810</mx:subfield><mx:subfield code="2">uri</mx:subfield></mx:datafield><mx:datafield ind2=" " ind1=" " tag="040"><mx:subfield code="a">VIAF</mx:subfield><mx:subfield code="c">VIAF</mx:subfield></mx:datafield><mx:datafield tag="100" ind2=" " ind1="0"><mx:subfield code="a">Anaximenes</mx:subfield><mx:subfield code="c">Milesius</mx:subfield><mx:subfield code="d">v546-v528</mx:subfield><mx:subfield code="0">(DNB)118649043</mx:subfield></mx:datafield><mx:datafield tag="700" ind2=" " ind1="0"><mx:subfield code="a">Anaximenes,</mx:subfield><mx:subfield code="c">di Mileto,</mx:subfield><mx:subfield code="d">f. c. 546-528 a.C.</mx:subfield><mx:subfield code="0">(BAV)ADV10044281</mx:subfield></mx:datafield><mx:datafield ind2=" " ind1=" " tag="375"><mx:subfield code="a">unknown</mx:subfield><mx:subfield code="2">0</mx:subfield></mx:datafield><mx:datafield tag="400" ind2=" " ind1="0"><mx:subfield code="a">Anassimene,</mx:subfield><mx:subfield code="c">di Mileto,</mx:subfield><mx:subfield code="d">f. c. 546-528 a.C.</mx:subfield><mx:subfield code="2">BAV</mx:subfield></mx:datafield><mx:datafield tag="400" ind2=" " ind1="0"><mx:subfield code="a">Anassimene</mx:subfield><mx:subfield code="c">Filosofo</mx:subfield><mx:subfield code="d">v546-v528</mx:subfield><mx:subfield code="2">DNB</mx:subfield></mx:datafield><mx:datafield tag="400" ind2=" " ind1="0"><mx:subfield code="a">Anassimene</mx:subfield><mx:subfield code="c">di Mileto</mx:subfield><mx:subfield code="d">v546-v528</mx:subfield><mx:subfield code="2">DNB</mx:subfield></mx:datafield><mx:datafield tag="400" ind2=" " ind1="0"><mx:subfield code="a">Anaximenes</mx:subfield><mx:subfield code="c">Anaximandri Discipulus</mx:subfield><mx:subfield code="d">v546-v528</mx:subfield><mx:subfield code="2">DNB</mx:subfield></mx:datafield><mx:datafield tag="400" ind2=" " ind1="0"><mx:subfield code="a">Anaximenes</mx:subfield><mx:subfield code="c">Ionicus</mx:subfield><mx:subfield code="d">v546-v528</mx:subfield><mx:subfield code="2">DNB</mx:subfield></mx:datafield><mx:datafield tag="400" ind2=" " ind1="0"><mx:subfield code="a">Anaximenes</mx:subfield><mx:subfield code="c">Jonischer Naturphilosoph</mx:subfield><mx:subfield code="d">v546-v528</mx:subfield><mx:subfield code="2">DNB</mx:subfield></mx:datafield><mx:datafield tag="400" ind2=" " ind1="0"><mx:subfield code="a">Anaximenes</mx:subfield><mx:subfield code="c">Philosophus</mx:subfield><mx:subfield code="d">v546-v528</mx:subfield><mx:subfield code="2">DNB</mx:subfield></mx:datafield><mx:datafield tag="400" ind2=" " ind1="0"><mx:subfield code="a">Anaximenes</mx:subfield><mx:subfield code="c">Sohn des Eurystratos</mx:subfield><mx:subfield code="d">v546-v528</mx:subfield><mx:subfield code="2">DNB</mx:subfield></mx:datafield><mx:datafield tag="400" ind2=" " ind1="0"><mx:subfield code="a">Anaximenes</mx:subfield><mx:subfield code="c">Vorsokratiker</mx:subfield><mx:subfield code="d">v546-v528</mx:subfield><mx:subfield code="2">DNB</mx:subfield></mx:datafield><mx:datafield tag="400" ind2=" " ind1="0"><mx:subfield code="a">Anaximenes</mx:subfield><mx:subfield code="c">of Miletus</mx:subfield><mx:subfield code="d">v546-v528</mx:subfield><mx:subfield code="2">DNB</mx:subfield></mx:datafield><mx:datafield tag="400" ind2=" " ind1="0"><mx:subfield code="a">Anaximène</mx:subfield><mx:subfield code="c">de Milet</mx:subfield><mx:subfield code="d">v546-v528</mx:subfield><mx:subfield code="2">DNB</mx:subfield></mx:datafield><mx:datafield tag="400" ind2=" " ind1="0"><mx:subfield code="i">rakoeb</mx:subfield><mx:subfield code="a">Anaximenes</mx:subfield><mx:subfield code="c">von Milet</mx:subfield><mx:subfield code="d">v546-v528</mx:subfield><mx:subfield code="2">DNB</mx:subfield></mx:datafield><mx:datafield tag="922" ind2=" " ind1=" "><mx:subfield code="a">GR</mx:subfield><mx:subfield code="9">1</mx:subfield><mx:subfield code="2">DNB</mx:subfield></mx:datafield><mx:datafield ind2=" " ind1=" " tag="970"><mx:subfield code="a">-546</mx:subfield><mx:subfield code="b">-528</mx:subfield><mx:subfield code="c">lived</mx:subfield></mx:datafield></mx:record>